<record><leader>00000cas a22000007a 4500</leader><controlfield tag="001">28706233</controlfield><controlfield tag="008">930827d19801981txuwr ne      0    0eng d</controlfield><datafield ind1=" " ind2=" " tag="010"><subfield code="a">sn 93050559 </subfield></datafield><datafield ind1=" " ind2=" " tag="040"><subfield code="a">ANU</subfield><subfield code="b">eng</subfield><subfield code="c">ANU</subfield><subfield code="d">OCLCQ</subfield><subfield code="d">OCLCF</subfield><subfield code="d">OCLCO</subfield></datafield><datafield ind1="1" ind2=" " tag="029"><subfield code="a">AU@</subfield><subfield code="b">000025886525</subfield></datafield><datafield ind1=" " ind2=" " tag="042"><subfield code="a">msc</subfield></datafield><datafield ind1=" " ind2=" " tag="043"><subfield code="a">n-us-ar</subfield></datafield><datafield ind1="0" ind2=" " tag="130"><subfield code="a">United Methodist reporter (Arkansas Methodist ed.)</subfield></datafield><datafield ind1="1" ind2="4" tag="245"><subfield code="a">The United Methodist reporter.</subfield></datafield><datafield ind1="3" ind2="0" tag="246"><subfield code="a">Arkansas Methodist</subfield></datafield><datafield ind1=" " ind2=" " tag="250"><subfield code="a">Arkansas Methodist ed.</subfield></datafield><datafield ind1=" " ind2=" " tag="260"><subfield code="a">Dallas, Tx. :</subfield><subfield code="b">Newspaper Division of the United Methodist Communications Council</subfield></datafield><datafield ind1=" " ind2=" " tag="300"><subfield code="a">v.</subfield></datafield><datafield ind1=" " ind2=" " tag="310"><subfield code="a">Weekly</subfield></datafield><datafield ind1="1" ind2=" " tag="362"><subfield code="a">Began in 1980?</subfield></datafield><datafield ind1="0" ind2=" " tag="362"><subfield code="a">-v. 128, no. 29 (Dec. 25, 1981).</subfield></datafield><datafield ind1=" " ind2=" " tag="500"><subfield code="a">"Arkansas United Methodism's newsweekly."</subfield></datafield><datafield ind1=" " ind2=" " tag="588"><subfield code="a">Description based on: Vol. 9, no. 29 (June 26, 1981).</subfield></datafield><datafield ind1="2" ind2="0" tag="610"><subfield code="a">United Methodist Church (U.S.)</subfield><subfield code="z">Arkansas</subfield><subfield code="v">Newspapers.</subfield></datafield><datafield ind1=" " ind2="7" tag="655"><subfield code="a">Newspapers.</subfield><subfield code="2">fast</subfield><subfield code="0">(OCoLC)fst01423814</subfield></datafield><datafield ind1="2" ind2="7" tag="610"><subfield code="a">United Methodist Church (U.S.)</subfield><subfield code="2">fast</subfield><subfield code="0">(OCoLC)fst00541693</subfield></datafield><datafield ind1=" " ind2="7" tag="651"><subfield code="a">Arkansas.</subfield><subfield code="2">fast</subfield><subfield code="0">(OCoLC)fst01204809</subfield></datafield><datafield ind1="2" ind2=" " tag="710"><subfield code="a">United Methodist Church (U.S.)</subfield></datafield><datafield ind1=" " ind2=" " tag="752"><subfield code="a">United States</subfield><subfield code="b">Texas</subfield><subfield code="c">Dallas</subfield><subfield code="d">Dallas.</subfield></datafield><datafield ind1="0" ind2="5" tag="780"><subfield code="t">Arkansas Methodist (Little Rock, Ark. : 1916)</subfield><subfield code="w">(DLC)sn 93050550</subfield></datafield><datafield ind1="0" ind2="1" tag="785"><subfield code="t">United Methodist reporter (North Arkansas Methodist ed.)</subfield><subfield code="w">(DLC)sn 93050560</subfield></datafield></record>